@misc{beamer-user-guide,
  author = {Till Tantau{,} Joseph Wright{,} Vedran MiletiÄ‡},
  url = {https://github.com/josephwright/beamer},
  title = {The beamer class},
  year = {2025}
}